<collection xmlns="http://www.loc.gov/MARC21/slim">
   <record>
      <leader>04012nam a2200481 i 4500</leader>
      <controlfield tag="001">6741148</controlfield>
      <controlfield tag="003">CaPaEBR</controlfield>
      <controlfield tag="005">20141025112339.0</controlfield>
      <controlfield tag="006">m    eo  d        </controlfield>
      <controlfield tag="007">cr cn |||m|||a</controlfield>
      <controlfield tag="008">141025s2015    nyu    foab   001 0 eng d</controlfield>
      <datafield ind1=" " ind2=" " tag="020">
         <subfield code="a">9781606498217</subfield>
         <subfield code="q">e-book</subfield>
      </datafield>
      <datafield ind1=" " ind2=" " tag="020">
         <subfield code="z">9781606498200</subfield>
         <subfield code="q">paperback</subfield>
      </datafield>
      <datafield ind1=" " ind2=" " tag="035">
         <subfield code="a">ocn893913699</subfield>
      </datafield>
      <datafield ind1=" " ind2=" " tag="039">
         <subfield code="a">exclude</subfield>
      </datafield>
      <datafield ind1=" " ind2=" " tag="040">
         <subfield code="a">CaBNVSL</subfield>
         <subfield code="b">eng</subfield>
         <subfield code="e">rda</subfield>
         <subfield code="c">CaBNVSL</subfield>
         <subfield code="d">CaBNVSL</subfield>
         <subfield code="d">AEU</subfield>
      </datafield>
      <datafield ind1=" " ind2="4" tag="050">
         <subfield code="a">HG3851</subfield>
         <subfield code="b">.G473 2015</subfield>
      </datafield>
      <datafield ind1="0" ind2="4" tag="082">
         <subfield code="a">332.45</subfield>
         <subfield code="2">23</subfield>
      </datafield>
      <datafield ind1=" " ind2=" " tag="090">
         <subfield code="a">Internet Access</subfield>
         <subfield code="b">AEU</subfield>
      </datafield>
      <datafield ind1="1" ind2=" " tag="100">
         <subfield code="a">Gerdes, William D.,</subfield>
         <subfield code="e">author.</subfield>
         <subfield code="0">http://id.loc.gov/authorities/names/n2006091669</subfield>
         <subfield code="0">http://viaf.org/viaf/28967372</subfield>
      </datafield>
      <datafield ind1="1" ind2="4" tag="245">
         <subfield code="a">The basics of foreign exchange markets :</subfield>
         <subfield code="b">a monetary systems approach /</subfield>
         <subfield code="c">William D. Gerdes.</subfield>
      </datafield>
      <datafield ind1=" " ind2=" " tag="250">
         <subfield code="a">First edition.</subfield>
      </datafield>
      <datafield ind1=" " ind2="1" tag="264">
         <subfield code="a">New York, New York (222 East 46th Street, New York, NY 10017) :</subfield>
         <subfield code="b">Business Expert Press,</subfield>
         <subfield code="c">2015.</subfield>
      </datafield>
      <datafield ind1=" " ind2=" " tag="300">
         <subfield code="a">1 online resource (90 pages)</subfield>
      </datafield>
      <datafield ind1=" " ind2=" " tag="336">
         <subfield code="a">text</subfield>
         <subfield code="2">rdacontent</subfield>
         <subfield code="0">http://id.loc.gov/vocabulary/contentTypes/txt</subfield>
      </datafield>
      <datafield ind1=" " ind2=" " tag="337">
         <subfield code="a">computer</subfield>
         <subfield code="2">rdamedia</subfield>
         <subfield code="0">http://id.loc.gov/vocabulary/mediaTypes/c</subfield>
      </datafield>
      <datafield ind1=" " ind2=" " tag="338">
         <subfield code="a">online resource</subfield>
         <subfield code="2">rdacarrier</subfield>
         <subfield code="0">http://id.loc.gov/vocabulary/carriers/cr</subfield>
      </datafield>
      <datafield ind1="1" ind2=" " tag="490">
         <subfield code="a">Economics collection,</subfield>
         <subfield code="x">2163-7628</subfield>
      </datafield>
      <datafield ind1=" " ind2=" " tag="500">
         <subfield code="a">Part of: 2014 digital library.</subfield>
      </datafield>
      <datafield ind1=" " ind2=" " tag="504">
         <subfield code="a">Includes bibliographical references (page [87]) and index.</subfield>
      </datafield>
      <datafield ind1="0" ind2=" " tag="505">
         <subfield code="a">Introduction -- Money and monetary systems -- Foreign exchange markets -- Foreign exchange markets with commodity and fiduciary monies -- Foreign exchange markets with fiat money : fixed exchange rates -- Foreign exchange markets with fiat money : flexible exchange rates -- Proposals advanced by critics of flexible exchange rates.</subfield>
      </datafield>
      <datafield ind1=" " ind2=" " tag="506">
         <subfield code="a">Access restricted to authorized users and institutions.</subfield>
      </datafield>
      <datafield ind1="3" ind2=" " tag="520">
         <subfield code="a">Foreign exchange markets are inextricably entwined with underlying monetary standards. Thus, they are treated conjointly. Four different exchange rate regimes are analyzed: (1) foreign exchange markets with commodity money; (2) foreign exchange markets with fiduciary money; (3) foreign exchange markets with fiat money--fixed exchange rates; and, (4) foreign exchange markets with fiat money--flexible exchange rates. For the last eight decades, most countries have operated with fiat monies. For proponents of the fiat money standard, one of its desirable attributes is that it provides individual countries with considerable monetary autonomy. However, both analytics and experience indicate that this is not always the case. Whether a country has more monetary autonomy depends upon whether fiat money is paired with fixed exchange rates (regime 3) or flexible exchange rates (regime 4). More autonomy is possible with flexible exchange rates (regime 4). Such autonomy is largely possible because foreign exchange markets are allowed to accommodate the wide variations in national monetary policies. Under this regime, the purchasing power parity (PPP) theory of exchange rates assumes elevated importance in accounting for foreign exchange market adjustments. Exchange rate regime 4 has been in place (in many countries) for more than four decades, and there are critics. Those who advocate scrapping this arrangement generally favor a return to either regime 2 or regime 3.</subfield>
      </datafield>
      <datafield ind1=" " ind2=" " tag="588">
         <subfield code="a">Title from PDF title page (viewed on October 25, 2014).</subfield>
      </datafield>
      <datafield ind1=" " ind2=" " tag="596">
         <subfield code="a">44</subfield>
      </datafield>
      <datafield ind1=" " ind2="0" tag="650">
         <subfield code="a">Foreign exchange market.</subfield>
         <subfield code="0">http://id.loc.gov/authorities/subjects/sh91004890</subfield>
      </datafield>
      <datafield ind1=" " ind2="0" tag="650">
         <subfield code="a">Foreign exchange rates.</subfield>
         <subfield code="0">http://id.loc.gov/authorities/subjects/sh91004893</subfield>
      </datafield>
      <datafield ind1=" " ind2=" " tag="758">
         <subfield code="0">http://worldcat.org/entity/work/id/425295208</subfield>
      </datafield>
      <datafield ind1="0" ind2=" " tag="787">
         <subfield code="n">OCLC Work Id</subfield>
         <subfield code="o">http://worldcat.org/entity/work/id/425295208</subfield>
      </datafield>
      <datafield ind1=" " ind2="0" tag="830">
         <subfield code="a">Economics collection.</subfield>
         <subfield code="x">2163-7628</subfield>
         <subfield code="0">http://id.loc.gov/authorities/names/no2013075118</subfield>
      </datafield>
      <datafield ind1="4" ind2="0" tag="856">
         <subfield code="3">University of Alberta Access</subfield>
         <subfield code="u">http://site.ebrary.com/lib/ualbertagep/Doc?id=10956091</subfield>
      </datafield>
      <datafield ind1=" " ind2=" " tag="949">
         <subfield code="h">UAIN</subfield>
         <subfield code="z">EBRARYBEP</subfield>
      </datafield>
      <datafield ind1=" " ind2=" " tag="926">
         <subfield code="a">Internet Access</subfield>
         <subfield code="w">LC</subfield>
         <subfield code="c">1</subfield>
         <subfield code="i">6741148-1001</subfield>
         <subfield code="l">INTERNET</subfield>
         <subfield code="m">UAINTERNET</subfield>
         <subfield code="r">Y</subfield>
         <subfield code="s">Y</subfield>
         <subfield code="t">E-RESOURCE</subfield>
         <subfield code="u">11/21/2014</subfield>
         <subfield code="x">E-BOOK</subfield>
         <subfield code="z">EBRARYBEP</subfield>
      </datafield>
   </record>
</collection>
